<?xml version="1.0" encoding="UTF-8"?><collection xmlns="http://www.loc.gov/MARC21/slim"><record><leader>00338nam--2200133-i-4500</leader><controlfield tag="001">000006790</controlfield><controlfield tag="002">20161230</controlfield><controlfield tag="005">20170127213250</controlfield><controlfield tag="008">060222s1000------------r-----000-0-eng-d</controlfield><datafield ind1=" " ind2=" " tag="245"><subfield code="a">Cnrn. i laboratori nazionali del sincrotrone d i frascsti</subfield></datafield><datafield ind1=" " ind2=" " tag="260"><subfield code="a">Roma</subfield><subfield code="b">C.N.R.N</subfield><subfield code="c">F.A</subfield></datafield><datafield ind1=" " ind2=" " tag="300"><subfield code="a">28 p</subfield></datafield><datafield ind1=" " ind2=" " tag="852"><subfield code="a">6599</subfield></datafield><datafield ind1=" " ind2=" " tag="CAT"><subfield code="a">SYS</subfield><subfield code="c">20170127</subfield><subfield code="h">213250</subfield></datafield></record></collection>